@article{webber2014,
  author = {Douglas A. Webber},
  title = {The Lifetime Earnings Premia of Different Majors: Correcting for Selection Based on Cognitive, Noncognitive, and Unobserved Factors},
  journal = {Labour Economics},
  volume = {28},
  pages = {14--23},
  year = {2014},
  doi = {10.1016/j.labeco.2014.03.009}}

@techreport{webber2016,
  author = {Webber, Douglas A.},
  title = {Risk-Sharing in Higher Education: A Policy Proposal to Improve Outcomes for Students and Reduce the Taxpayer Burden of Student Loan Debt},
  institution = {Temple University},
  type = {Working Paper},
  series = {Working Paper Series},
  year = {2016}

@article{wiswallZafar2015,
  title = {Determinants of College Major Choice: Identification using an Information Experiment},
  author = {Wiswall, Matthew and Zafar, Basit},
  journal = {Review of Economic Studies},
  volume = {82},
  number = {2},
  pages = {791--824},
  year = {2015}

@article{wiswallZafar2017,
  title = {Preference for the Workplace, Investment in Human Capital, and Gender},
  author = {Wiswall, Matthew and Zafar, Basit},
  journal = {The Quarterly Journal of Economics},
  year = {Forthcoming}

@article{yeung2015,
  title = {Athletics, Athletic Leadership, and Academic Achievement},
  author = {Yeung, Ryan},
  journal = {Education and Urban Society},
  volume = {47},
  number = {3},
  pages = {361--387},
  year = {2015}

@article{mankiw1989baby,
	title={The baby boom, the baby bust, and the housing market},
	author={Mankiw, N. Gregory and Weil, David N.},
	journal={Regional Science and Urban Economics},
	volume={19},
	number={2},
	pages={235--258},
	year={1989}

@article{sun2021estimating,
	title={Estimating dynamic treatment effects in event studies with heterogeneous treatment effects},
	author={Sun, Liyang and Abraham, Sarah},
	journal={Journal of Econometrics},
	volume={225},
	number={2},
	pages={175--199},
	year={2021}

@article{callaway2021difference,
	title={Difference-in-differences with multiple time periods},
	author={Callaway, Brantly and Sant’Anna, Pedro H. C.},
	journal={Journal of the American Statistical Association},
	volume={116},
	number={536},
	pages={2004--2020},
	year={2021}

@article{dechaisemartin2018fuzzy,
	title={Fuzzy differences-in-differences},
	author={de Chaisemartin, Cl{\'e}ment and D’Haultfoeuille, Xavier},
	journal={The Review of Economic Studies},
	volume={85},
	number={2},
	pages={999--1028},
	year={2018}

@article{miyaji2024b,
	title={Two-way fixed effects instrumental variable regressions in staggered DID-IV designs},
	author={Miyaji, Sho},
	journal={arXiv preprint arXiv:2404.01012},
	year={2024}

@article{hudson2017,
	title={Interpreting Instrumented Difference-in-Differences},
	author={Hudson, Duncan and Hull, Peter and Liebersohn, Jack},
	journal={Unpublished manuscript},
	year={2017}

@article{ye2023,
	title={Instrumented difference-in-differences},
	author={Ye, Chuan and Small, Dylan and others},
	journal={Biometrics},
	volume={79},
	number={2},
	pages={569--581},
	year={2023}

@article{miyaji2024a,
	title={Instrumented Difference-in-Differences with Heterogeneous Treatment Effects},
	author={Miyaji, Kosuke},
	journal={Kobe University Discussion Paper},
	year={2024}

@article{miyaji2024b,
	title={Two-way fixed effects instrumental variable regressions in staggered DID-IV designs},
	author={Miyaji, Kosuke},
	journal={arXiv preprint arXiv:2404.01012},
	year={2024}

@article{duflo2001,
	title={Schooling and labor market consequences of school construction in Indonesia: Evidence from an unusual policy experiment},
	author={Duflo, Esther},
	journal={American Economic Review},
	volume={91},
	number={4},
	pages={795--813},
	year={2001}

@article{black2005,
	title={From the cradle to the labor market? The effect of birth weight on adult outcomes},
	author={Black, Sandra E and Devereux, Paul J and Salvanes, Kjell G},
	journal={Quarterly Journal of Economics},
	volume={122},
	number={1},
	pages={409--439},
	year={2007}

@article{bernanke1999financial,
	title={The financial accelerator in a quantitative business cycle framework},
	author={Bernanke, Ben S and Gertler, Mark and Gilchrist, Simon},
	journal={Handbook of macroeconomics},
	volume={1},
	pages={1341--1393},
	year={1999},
	publisher={Elsevier}

@article{brunnermeier2022china,
	title={China’s model of managing the financial system},
	author={Brunnermeier, Markus K and Sockin, Michael and Xiong, Wei},
	journal={The Review of Economic Studies},
	volume={89},
	number={6},
	pages={3115--3153},
	year={2022},
	publisher={Oxford University Press}

@article{caballero2008zombie,
	title={Zombie lending and depressed restructuring in Japan},
	author={Caballero, Ricardo J and Hoshi, Takeo and Kashyap, Anil K},
	journal={American economic review},
	volume={98},
	number={5},
	pages={1943--1977},
	year={2008},
	publisher={American Economic Association}

@article{chang2023price,
	title={Price and Volume Divergence in China’s Real Estate Markets: The Role of Local Governments},
	author={Chang, Jeffery Jinfan and Wang, Yuheng and Xiong, Wei},
	year={2023}

@article{curtis2015demographic,
	title={Demographic patterns and household saving in China},
	author={Curtis, Chadwick C and Lugauer, Steven and Mark, Nelson C},
	journal={American Economic Journal: Macroeconomics},
	volume={7},
	number={2},
	pages={58--94},
	year={2015},
	publisher={American Economic Association 2014 Broadway, Suite 305, Nashville, TN 37203-2425}

@article{gao2020economic,
	title={Economic consequences of housing speculation},
	author={Gao, Zhenyu and Sockin, Michael and Xiong, Wei},
	journal={The Review of Financial Studies},
	volume={33},
	number={11},
	pages={5248--5287},
	year={2020},
	publisher={Oxford University Press}

@article{jiang2022china,
	title={China'S Housing Bubble, Infrastructure Investment, And Economic Growth},
	author={Jiang, Shenzhe and Miao, Jianjun and Zhang, Yuzhe},
	journal={International Economic Review},
	volume={63},
	number={3},
	pages={1189--1237},
	year={2022},
	publisher={Wiley Online Library}

@article{kiyotaki1997credit,
	title={Credit cycles},
	author={Kiyotaki, Nobuhiro and Moore, John},
	journal={Journal of political economy},
	volume={105},
	number={2},
	pages={211--248},
	year={1997},
	publisher={The University of Chicago Press}

@article{liu2018china,
	title={China's real estate market},
	author={Liu, Chang and Xiong, Wei},
	year={2018},
	publisher={National Bureau of Economic Research}

@article{song2018risks,
	title={Risks in China's financial system},
	author={Song, Zheng and Xiong, Wei},
	journal={Annual review of financial economics},
	volume={10},
	pages={261--286},
	year={2018},
	publisher={Annual Reviews}

@article{tirole1985asset,
	title={Asset bubbles and overlapping generations},
	author={Tirole, Jean},
	journal={Econometrica: Journal of the Econometric Society},
	pages={1499--1528},
	year={1985},
	publisher={JSTOR}

@techreport{xiong2018mandarin,
	title={The mandarin model of growth},
	author={Xiong, Wei},
	year={2018},
	institution={National Bureau of Economic Research}

@article{wang2012speculative,
	title={Speculative bubbles and financial crises},
	author={Wang, Pengfei and Wen, Yi},
	journal={American Economic Journal: Macroeconomics},
	volume={4},
	number={3},
	pages={184--221},
	year={2012},
	publisher={American Economic Association}

@techreport{xiong2023derisking,
	title={Derisking Real Estate in China’s Hybrid Economy},
	author={Xiong, Wei},
	year={2023},
	institution={National Bureau of Economic Research}

@article{chao2011chinese,
	title={The Chinese saving puzzle and the life-cycle hypothesis: A revaluation},
	author={Chao, Chi-Chur and Laffargue, Jean-Pierre and Yu, Eden},
	journal={China Economic Review},
	volume={22},
	number={1},
	pages={108--120},
	year={2011},
	publisher={Elsevier}

@article{chen2017great,
	title={The great housing boom of China},
	author={Chen, Kaiji and Wen, Yi},
	journal={American Economic Journal: Macroeconomics},
	volume={9},
	number={2},
	pages={73--114},
	year={2017},
	publisher={American Economic Association 2014 Broadway, Suite 305, Nashville, TN 37203-2425}

@article{choukhmane2013one,
	title={The one-child policy and household savings},
	author={Choukhmane, Taha and Coeurdacier, Nicholas and Jin, Keyu},
	year={2013},
	publisher={CEPR Discussion Paper No. DP9688}

@article{barro1990government,
	title={Government spending in a simple model of endogeneous growth},
	author={Barro, Robert J},
	journal={Journal of political economy},
	volume={98},
	number={5, Part 2},
	pages={S103--S125},
	year={1990},
	publisher={The University of Chicago Press}

@book{qian2017reform,
	title={How reform worked in China: The transition from plan to market},
	author={Qian, Yingyi},
	year={2017},
	publisher={MIT Press}

@article{okina2001asset,
	title={The asset price bubble and monetary policy: Japan’s experience in the late 1980s and the lessons},
	author={Okina, Kunio and Shirakawa, Masaaki and Shiratsuka, Shigenori},
	journal={Monetary and Economic Studies (special edition)},
	volume={19},
	number={2},
	pages={395--450},
	year={2001}

@article{de2013aging,
	title={Aging and pensions in general equilibrium: Labor market imperfections matter},
	author={De la Croix, David and Pierrard, Olivier and Sneessens, Henri R},
	journal={Journal of Economic Dynamics and Control},
	volume={37},
	number={1},
	pages={104--124},
	year={2013},
	publisher={Elsevier}

@book{mccarthy1999population,
	title={Population aging and pension systems: Reform options for China},
	author={McCarthy, F Desmond and Zheng, Kangbin},
	year={1999},
	publisher={The World Bank}

@article{schoonbroodt2014property,
	title={Property rights and efficiency in OLG models with endogenous fertility},
	author={Schoonbroodt, Alice and Tertilt, Michele},
	journal={Journal of Economic Theory},
	volume={150},
	pages={551--582},
	year={2014},
	publisher={Elsevier}

@article{golosov2007efficiency,
	title={Efficiency with endogenous population growth},
	author={Golosov, Mikhail and Jones, Larry E and Tertilt, Michele},
	journal={Econometrica},
	volume={75},
	number={4},
	pages={1039--1071},
	year={2007},
	publisher={Wiley Online Library}

@article{barro1989fertility,
	title={Fertility choice in a model of economic growth},
	author={Barro, Robert J and Becker, Gary S},
	journal={Econometrica: journal of the Econometric Society},
	pages={481--501},
	year={1989},
	publisher={JSTOR}

@article{almeida2006financial,
	title={The financial accelerator: Evidence from international housing markets},
	author={Almeida, Heitor and Campello, Murillo and Liu, Crocker},
	journal={Review of Finance},
	volume={10},
	number={3},
	pages={321--352},
	year={2006},
	publisher={Springer}

@article{cipriani2014population,
	title={Population aging and PAYG pensions in the OLG model},
	author={Cipriani, Giam Pietro},
	journal={Journal of population economics},
	volume={27},
	number={1},
	pages={251--256},
	year={2014},
	publisher={Springer}

@article{podoshen2011materialism,
	title={Materialism and conspicuous consumption in China: A cross-cultural examination},
	author={Podoshen, Jeffrey S and Li, Lu and Zhang, Junfeng},
	journal={International journal of consumer studies},
	volume={35},
	number={1},
	pages={17--25},
	year={2011},
	publisher={Wiley Online Library}

@misc{kashyap1992monetary,
	title={Monetary policy and credit conditions: Evidence from the composition of external finance},
	author={Kashyap, Anil K and Stein, Jeremy C and Wilcox, David W},
	year={1992},
	publisher={National bureau of economic research Cambridge, Mass., USA}

@techreport{karahan2019demographic,
	title={Demographic origins of the startup deficit},
	author={Karahan, Fatih and Pugsley, Benjamin and {\c{S}}ahin, Ay{\c{s}}eg{\"u}l},
	year={2019},
	institution={National Bureau of Economic Research}

@article{kim2023status,
	title={Status externalities in education and low birth rates in Korea},
	author={Kim, Seongeun and Tertilt, Michele and Yum, Minchul},
	journal={Available at SSRN 3866660},
	year={2023}

@article{yang2022demographic,
	title={Demographic Transition, Industrial Policies, and Chinese Economic Growth},
	author={Yang, Michael Dotsey Wenli Li Fang},
	year={2022}

@article{almeida2007financial,
	title={Financial constraints, asset tangibility, and corporate investment},
	author={Almeida, Heitor and Campello, Murillo},
	journal={The Review of Financial Studies},
	volume={20},
	number={5},
	pages={1429--1460},
	year={2007},
	publisher={Oxford University Press}

@article{hoshi1991corporate,
	title={Corporate structure, liquidity, and investment: Evidence from Japanese industrial groups},
	author={Hoshi, Takeo and Kashyap, Anil and Scharfstein, David},
	journal={the Quarterly Journal of economics},
	volume={106},
	number={1},
	pages={33--60},
	year={1991},
	publisher={MIT Press}

@article{myong2021social,
	title={Social norms and fertility},
	author={Myong, Sunha and Park, JungJae and Yi, Junjian},
	journal={Journal of the European Economic Association},
	volume={19},
	number={5},
	pages={2429--2466},
	year={2021},
	publisher={Oxford University Press}

@article{munshi2006social,
	title={Social norms and the fertility transition},
	author={Munshi, Kaivan and Myaux, Jacques},
	journal={Journal of development Economics},
	volume={80},
	number={1},
	pages={1--38},
	year={2006},
	publisher={Elsevier}

@article{kashyap1994credit,
	title={Credit conditions and the cyclical behavior of inventories},
	author={Kashyap, Anil K and Lamont, Owen A and Stein, Jeremy C},
	journal={The Quarterly Journal of Economics},
	volume={109},
	number={3},
	pages={565--592},
	year={1994},
	publisher={MIT Press}

@article{kashyap2000million,
	title={What do a million observations on banks say about the transmission of monetary policy?},
	author={Kashyap, Anil K and Stein, Jeremy C},
	journal={American Economic Review},
	volume={90},
	number={3},
	pages={407--428},
	year={2000},
	publisher={American Economic Association}

@article{livshits2007consumer,
	title={Consumer bankruptcy: A fresh start},
	author={Livshits, Igor and MacGee, James and Tertilt, Michele},
	journal={American Economic Review},
	volume={97},
	number={1},
	pages={402--418},
	year={2007},
	publisher={American Economic Association}

@article{phillips2012testing,
	title={Testing for multiple bubbles},
	author={Phillips, Peter CB and Shi, Shuping and Yu, Jun},
	year={2012},
	publisher={Cowles Foundation discussion paper}

@article{jorda2015leveraged,
	title={Leveraged bubbles},
	author={Jord{\`a}, {\`O}scar and Schularick, Moritz and Taylor, Alan M},
	journal={Journal of Monetary Economics},
	volume={76},
	pages={S1--S20},
	year={2015},
	publisher={Elsevier}

@article{dybvig2010lifetime,
	title={Lifetime consumption and investment: retirement and constrained borrowing},
	author={Dybvig, Philip H and Liu, Hong},
	journal={Journal of Economic Theory},
	volume={145},
	number={3},
	pages={885--907},
	year={2010},
	publisher={Elsevier}

@article{lam1989population,
	title={Population growth, age structure, and age-specific productivity: does a uniform age distribution minimize lifetime wages?},
	author={Lam, David},
	journal={Journal of Population Economics},
	volume={2},
	number={3},
	pages={189--210},
	year={1989},
	publisher={Springer}

@article{davies1981uncertain,
	title={Uncertain lifetime, consumption, and dissaving in retirement},
	author={Davies, James B},
	journal={Journal of political Economy},
	volume={89},
	number={3},
	pages={561--577},
	year={1981},
	publisher={The University of Chicago Press}

@article{attanasio1999humps,
	title={Humps and bumps in lifetime consumption},
	author={Attanasio, Orazio P and Banks, James and Meghir, Costas and Weber, Guglielmo},
	journal={Journal of Business \& Economic Statistics},
	volume={17},
	number={1},
	pages={22--35},
	year={1999},
	publisher={Taylor \& Francis}

@article{mariger1987life,
	title={A life-cycle consumption model with liquidity constraints: theory and empirical results},
	author={Mariger, Randall P},
	journal={Econometrica: Journal of the Econometric Society},
	pages={533--557},
	year={1987},
	publisher={JSTOR}

@article{fernandez2007consumption,
	title={Consumption over the life cycle: Facts from consumer expenditure survey data},
	author={Fern{\'a}ndez-Villaverde, Jes{\'u}s and Krueger, Dirk},
	journal={The Review of Economics and Statistics},
	volume={89},
	number={3},
	pages={552--565},
	year={2007},
	publisher={The MIT Press}

@techreport{fernandez2023wealth,
	title={The Wealth of Working Nations},
	author={Fern{\'a}ndez-Villaverde, Jes{\'u}s and Ventura, Gustavo and Yao, Wen},
	year={2023},
	institution={National Bureau of Economic Research}

@article{fernandez2023financial,
	title={Financial frictions and the wealth distribution},
	author={Fern{\'a}ndez-Villaverde, Jes{\'u}s and Hurtado, Samuel and Nuno, Galo},
	journal={Econometrica},
	volume={91},
	number={3},
	pages={869--901},
	year={2023},
	publisher={Wiley Online Library}

@article{bretscher2022ricardian,
	title={Ricardian business cycles},
	author={Bretscher, Lorenzo and Fern{\'a}ndez-Villaverde, Jes{\'u}s and Scheidegger, Simon},
	journal={Swiss Finance Institute Research Paper},
	number={23-43},
	year={2022}

@article{arellano2008default,
	title={Default risk and income fluctuations in emerging economies},
	author={Arellano, Cristina},
	journal={American economic review},
	volume={98},
	number={3},
	pages={690--712},
	year={2008},
	publisher={American Economic Association}

@techreport{bai2018financial,
	title={Do Financial Frictions Explain Chinese Firms’ Saving and Misallocation?},
	author={Bai, Yan and Lu, Dan and Tian, Xu},
	year={2018},
	institution={National Bureau of Economic Research}

@article{glaeser2017real,
	title={A real estate boom with Chinese characteristics},
	author={Glaeser, Edward and Huang, Wei and Ma, Yueran and Shleifer, Andrei},
	journal={Journal of Economic Perspectives},
	volume={31},
	number={1},
	pages={93--116},
	year={2017},
	publisher={American Economic Association 2014 Broadway, Suite 305, Nashville, TN 37203-2418}

@article{fang2016demystifying,
	title={Demystifying the Chinese housing boom},
	author={Fang, Hanming and Gu, Quanlin and Xiong, Wei and Zhou, Li-An},
	journal={NBER macroeconomics annual},
	volume={30},
	number={1},
	pages={105--166},
	year={2016},
	publisher={University of Chicago Press Chicago, IL}

@book{zhang2014fiscal,
	title={Fiscal vulnerabilities and risks from local government finance in China},
	author={Zhang, Ms Yuanyan Sophia and Barnett, Mr Steven},
	year={2014},
	publisher={International Monetary Fund}

@article{cong2019credit,
	title={Credit allocation under economic stimulus: Evidence from China},
	author={Cong, Lin William and Gao, Haoyu and Ponticelli, Jacopo and Yang, Xiaoguang},
	journal={The Review of Financial Studies},
	volume={32},
	number={9},
	pages={3412--3460},
	year={2019},
	publisher={Oxford University Press}

@article{wan2024transmission,
	title={Transmission of housing bubbles among industrial sectors},
	author={Wan, Junmin},
	journal={International Review of Economics \& Finance},
	volume={89},
	pages={692--701},
	year={2024},
	publisher={Elsevier}

@article{luo2023shortage,
	title={The shortage of safe assets and China's housing boom},
	author={Luo, Yuwei and Mei, Dongzhou},
	journal={Economic Modelling},
	volume={119},
	pages={106126},
	year={2023},
	publisher={Elsevier}

@article{dong2023inefficient,
	title={Inefficient Bubbly Booms?},
	author={Dong, Feng and Jiao, Yang and Sun, Haoning},
	journal={Available at SSRN 4502993},
	year={2023}

@article{miao2014sectoral,
	title={Sectoral bubbles, misallocation, and endogenous growth},
	author={Miao, Jianjun and Wang, Pengfei},
	journal={Journal of Mathematical Economics},
	volume={53},
	pages={153--163},
	year={2014},
	publisher={Elsevier}

@article{chen2017real,
	title={Real estate boom and misallocation of capital in China},
	author={Chen, Ting and Liu, Laura and Xiong, Wei and Zhou, Li-An and others},
	journal={Work. Pap., Princeton Univ., Princeton, NJ},
	volume={9},
	year={2017}

@techreport{geng2019soe,
	title={The SOE premium and government support in China's credit market},
	author={Geng, Zhe and Pan, Jun},
	year={2019},
	institution={National Bureau of Economic Research}

@article{chen2020financing,
	title={The financing of local government in China: Stimulus loan wanes and shadow banking waxes},
	author={Chen, Zhuo and He, Zhiguo and Liu, Chun},
	journal={Journal of Financial Economics},
	volume={137},
	number={1},
	pages={42--71},
	year={2020},
	publisher={Elsevier}

@article{peter1965national,
	title={National debt in a neoclassical growth model},
	author={Peter, Diamond and others},
	journal={American economic review},
	volume={55},
	number={5},
	pages={1126--1150},
	year={1965}

@article{he2012rollover,
	title={Rollover risk and credit risk},
	author={He, Zhiguo and Xiong, Wei},
	journal={The Journal of Finance},
	volume={67},
	number={2},
	pages={391--430},
	year={2012},
	publisher={Wiley Online Library}

@article{van2013financialization,
	title={Financialization and Income Inequality in the U nited S tates, 1967--2010},
	author={Van Arnum, Bradford M and Naples, Michele I},
	journal={American Journal of Economics and Sociology},
	volume={72},
	number={5},
	pages={1158--1182},
	year={2013},
	publisher={Wiley Online Library}

@article{campbell2009moves,
	title={What moves housing markets: A variance decomposition of the rent--price ratio},
	author={Campbell, Sean D and Davis, Morris A and Gallin, Joshua and Martin, Robert F},
	journal={Journal of Urban Economics},
	volume={66},
	number={2},
	pages={90--102},
	year={2009},
	publisher={Elsevier}

@article{mian2009household,
	title={The Household Leverage-Driven Recession of 2007 to 2009},
	author={Mian, Atif and Sufi, Amir},
	journal={University of Chicago Booth School of Business and NBER, http://ssrn. com/abstract},
	volume={1463596},
	year={2009}

@article{kumhof2015inequality,
	title={Inequality, leverage, and crises},
	author={Kumhof, Michael and Ranci{\`e}re, Romain and Winant, Pablo},
	journal={American economic review},
	volume={105},
	number={3},
	pages={1217--1245},
	year={2015},
	publisher={American Economic Association 2014 Broadway, Suite 305, Nashville, TN 37203}

@article{cao2018housing,
	title={Housing investment in urban China},
	author={Cao, Yujin and Chen, Jidong and Zhang, Qinghua},
	journal={Journal of Comparative Economics},
	volume={46},
	number={1},
	pages={212--247},
	year={2018},
	publisher={Elsevier}

@book{nabar2011targets,
	title={Targets, interest rates, and household saving in urban China},
	author={Nabar, Malhar},
	year={2011},
	publisher={International Monetary Fund}

@article{zhou2016income,
	title={Income inequality in China: causes and policy responses},
	author={Zhou, Yixiao and Song, Ligang},
	journal={China Economic Journal},
	volume={9},
	number={2},
	pages={186--208},
	year={2016},
	publisher={Taylor \& Francis}

@article{li2019target,
	title={Target setting in tournaments: theory and evidence from China},
	author={Li, Xing and Liu, Chong and Weng, Xi and Zhou, Li-An},
	journal={The Economic Journal},
	volume={129},
	number={623},
	pages={2888--2915},
	year={2019},
	publisher={Oxford University Press}

@article{ansar2016does,
	title={Does infrastructure investment lead to economic growth or economic fragility? Evidence from China},
	author={Ansar, Atif and Flyvbjerg, Bent and Budzier, Alexander and Lunn, Daniel},
	journal={Oxford Review of Economic Policy},
	volume={32},
	number={3},
	pages={360--390},
	year={2016},
	publisher={Oxford University Press UK}

@misc{cfps_database,
	author       = {{China Center for Economic Research}},
	title        = {{China Family Panel Studies (CFPS)}},
	year         = {2010},
	howpublished = {\url{http://www.isss.pku.edu.cn/cfps/}},
	note         = {Institute of Social Science Survey (ISSS), Peking University}

@misc{nbs_housing_prices,
	author       = {{National Bureau of Statistics of China}},
	title        = {{Price Indices for Newly Constructed Residential Buildings in 70 Large and Medium-Sized Cities}},
	year         = {2023},
	howpublished = {\url{https://data.stats.gov.cn/}},
	note         = {Accessed February 2025}

@article{lu2021time,
	title={Time-varying inter-urban housing price spillovers in China: Causes and consequences},
	author={Lu, Yunzhi and Li, Jie and Yang, Haisheng},
	journal={Journal of Asian Economics},
	volume={77},
	pages={101396},
	year={2021},
	publisher={Elsevier}

@article{wei2012home,
	title={Home ownership as status and the marriage market in China},
	author={Wei, Shang-Jin and Zhang, Xiaobo},
	journal={Journal of Economic Perspectives},
	volume={26},
	number={4},
	pages={169--192},
	year={2012}

@article{wei2016demand,
	title={The demand for sons: Evidence from sex-ratio imbalances in China},
	author={Wei, Shang-Jin and Zhang, Xiaobo and Liu, Yinxi},
	journal={Journal of Political Economy},
	volume={124},
	number={2},
	pages={337--396},
	year={2016}

@article{wei2011competitive,
	title={Competitive saving motive: Evidence from rising sex ratios and savings rates in China},
	author={Wei, Shang-Jin and Zhang, Xiaobo},
	journal={Journal of Economic Theory},
	volume={146},
	number={4},
	pages={1499--1524},
	year={2011}

@article{fu2023demographic,
	title={Demographic transition and the housing market in China},
	author={Fu, Qiang and Liu, Yuxi and Zhao, Min},
	journal={China Economic Review},
	volume={78},
	pages={101951},
	year={2023}

@article{lin2018urbanization,
	title={Urbanization, migration and housing prices: Evidence from Chinese cities},
	author={Lin, Yutang and Zhang, Wei},
	journal={Urban Studies},
	volume={55},
	number={10},
	pages={2155--2173},
	year={2018}

@misc{imf2022china,
	title={People’s Republic of China: 2022 Article IV Consultation—Press Release and Staff Report},
	author={{International Monetary Fund}},
	year={2022},
	note={IMF Country Report No. 22/4}

@misc{reuters2025china,
	title={China’s Property Market Faces Prolonged Downturn Amid Population Decline},
	author={Reuters},
	year={2025},
	note={February 2025, Economic Desk Report}

@article{de2023two,
	title={Two-way fixed effects and differences-in-differences estimators with several treatments},
	author={De Chaisemartin, Clement and D’haultf{\oe}uille, Xavier},
	journal={Journal of Econometrics},
	volume={236},
	number={2},
	pages={105480},
	year={2023},
	publisher={Elsevier}

@article{borusyak2024revisiting,
	title={Revisiting event-study designs: robust and efficient estimation},
	author={Borusyak, Kirill and Jaravel, Xavier and Spiess, Jann},
	journal={Review of Economic Studies},
	volume={91},
	number={6},
	pages={3253--3285},
	year={2024},
	publisher={Oxford University Press UK}