@misc{cfps_database,
	author       = {{China Center for Economic Research}},
	title        = {{China Family Panel Studies (CFPS)}},
	year         = {2010},
	howpublished = {\url{http://www.isss.pku.edu.cn/cfps/}},
	note         = {Institute of Social Science Survey (ISSS), Peking University}
}
@misc{nbs_housing_prices,
	author       = {{National Bureau of Statistics of China}},
	title        = {{Price Indices for Newly Constructed Residential Buildings in 70 Large and Medium-Sized Cities}},
	year         = {2023},
	howpublished = {\url{https://data.stats.gov.cn/}},
	note         = {Accessed February 2025}
}
